<?xml version="1.0" encoding="UTF-8"?><collection xmlns="http://www.loc.gov/MARC21/slim"><record><leader>00591nam--2200169-i-4500</leader><controlfield tag="001">000009019</controlfield><controlfield tag="002">20161230</controlfield><controlfield tag="005">20170305203923</controlfield><controlfield tag="008">060222s1000------------r-----000-0-eng-d</controlfield><datafield ind1=" " ind2=" " tag="100"><subfield code="a">Cristovici, A</subfield></datafield><datafield ind1=" " ind2=" " tag="245"><subfield code="a">Protectia neutrelor transformatoarelor din retelele de inalta tensiune</subfield></datafield><datafield ind1=" " ind2=" " tag="260"><subfield code="a">Bucuresti</subfield><subfield code="b">Consiliiul National Al Inginerilor Si Tehnicienilor</subfield><subfield code="c">1969</subfield></datafield><datafield ind1=" " ind2=" " tag="300"><subfield code="a">12 p.+ 7 Fig</subfield></datafield><datafield ind1=" " ind2=" " tag="490"><subfield code="a">A Doua Conferinta A Electricienilor. Iii. Sectia Sisteme, Centrale Si Utilizarea Energiei Electric</subfield></datafield><datafield ind1=" " ind2=" " tag="700"><subfield code="a">Mark, D</subfield></datafield><datafield ind1=" " ind2=" " tag="852"><subfield code="a">621.311.2:621.314</subfield></datafield><datafield ind1=" " ind2=" " tag="CAT"><subfield code="a">SYS</subfield><subfield code="c">20170305</subfield><subfield code="h">203923</subfield></datafield></record></collection>